@ARTICLE{2014arXiv1407.7676R,
   author = {{Rowe}, B. and {Jarvis}, M. and {Mandelbaum}, R. and {Bernstein}, G.~M. and 
  {Bosch}, J. and {Simet}, M. and {Meyers}, J.~E. and {Kacprzak}, T. and 
  {Nakajima}, R. and {Zuntz}, J. and {Miyatake}, H. and {Dietrich}, J.~P. and 
  {Armstrong}, R. and {Melchior}, P. and {Gill}, M.~S.~S.},
    title = "{GalSim: The modular galaxy image simulation toolkit}",
  journal = {ArXiv e-prints},
archivePrefix = "arXiv",
   eprint = {1407.7676},
 primaryClass = "astro-ph.IM",
 keywords = {Astrophysics - Instrumentation and Methods for Astrophysics, Astrophysics - Cosmology and Nongalactic Astrophysics, 85-04},
     year = 2014,
    month = jul,
   adsurl = {http://adsabs.harvard.edu/abs/2014arXiv1407.7676R},
  adsnote = {Provided by the SAO/NASA Astrophysics Data System}
}

@ARTICLE{2010PASP..122..248B,
   author = {{Bolton}, A.~S. and {Schlegel}, D.~J.},
    title = "{Spectro-Perfectionism: An Algorithmic Framework for Photon Noise-Limited Extraction of Optical Fiber Spectroscopy}",
  journal = {\pasp},
archivePrefix = "arXiv",
   eprint = {0911.2689},
 primaryClass = "astro-ph.IM",
 keywords = {Data Analysis and Techniques},
     year = 2010,
    month = feb,
   volume = 122,
    pages = {248-257},
      doi = {10.1086/651008},
   adsurl = {http://adsabs.harvard.edu/abs/2010PASP..122..248B},
  adsnote = {Provided by the SAO/NASA Astrophysics Data System}
}

@ARTICLE{2000MNRAS.312..285H,
   author = {{Hamilton}, A.~J.~S. and {Tegmark}, M.},
    title = "{Decorrelating the power spectrum of galaxies}",
  journal = {\mnras},
   eprint = {astro-ph/9905192},
 keywords = {COSMOLOGY: THEORY, LARGE-SCALE STRUCTURE OF UNIVERSE},
     year = 2000,
    month = feb,
   volume = 312,
    pages = {285-294},
      doi = {10.1046/j.1365-8711.2000.03074.x},
   adsurl = {http://adsabs.harvard.edu/abs/2000MNRAS.312..285H},
  adsnote = {Provided by the SAO/NASA Astrophysics Data System}
}
